<?xml version="1.0" encoding="UTF-8"?><record xmlns="http://www.loc.gov/MARC21/slim" xmlns:cinclude="http://apache.org/cocoon/include/1.0" xmlns:zs="http://www.loc.gov/zing/srw/">
  <leader>00580cz  a2200157n  4500</leader>
  <controlfield tag="001">n  87813484 </controlfield>
  <controlfield tag="003">DLC</controlfield>
  <controlfield tag="005">20080409075856.0</controlfield>
  <controlfield tag="008">870307n| acannaabn          |a aaa      </controlfield>
  <datafield tag="010" ind1=" " ind2=" ">
    <subfield code="a">n  87813484 </subfield>
  </datafield>
  <datafield tag="035" ind1=" " ind2=" ">
    <subfield code="a">(OCoLC)oca01812160</subfield>
  </datafield>
  <datafield tag="040" ind1=" " ind2=" ">
    <subfield code="a">DLC</subfield>
    <subfield code="b">eng</subfield>
    <subfield code="c">DLC</subfield>
    <subfield code="d">OCoLC</subfield>
  </datafield>
  <datafield tag="100" ind1="1" ind2=" ">
    <subfield code="a">Brandl, Alois,</subfield>
    <subfield code="d">1855-1940</subfield>
  </datafield>
  <datafield tag="400" ind1="1" ind2=" ">
    <subfield code="w">nna</subfield>
    <subfield code="a">Brandl, Alois Leonhard,</subfield>
    <subfield code="d">1855-1940</subfield>
  </datafield>
  <datafield tag="670" ind1=" " ind2=" ">
    <subfield code="a">nuc86-93843: Pichler, A. Ausbruch aus der Provinz, 1983</subfield>
    <subfield code="b">(hdg. on WaU rept.: Brandl, Alois, 1855-1940; usage: Alois Brandl)</subfield>
  </datafield>
  <datafield tag="670" ind1=" " ind2=" ">
    <subfield code="a">LC data base, 03/07/87</subfield>
    <subfield code="b">(hdg.: Brandl, Alois Leonhard, 1855-1940; no usage)</subfield>
  </datafield>
</record>